%% This BibTeX bibliography file was created using BibDesk.
%% http://bibdesk.sourceforge.net/

@inproceedings{arecchi2007field,
  title={Field guide to illumination},
  author={Arecchi, Angelo V and Koshel, R John and Messadi, Tahar},
  year={2007},
  organization={SPIE}
}


@article{babington2017freeform,
  title={Freeform aberrations in phase space: an example},
  author={Babington, James},
  journal={JOSA A},
  volume={34},
  number={6},
  pages={1045--1053},
  year={2017},
  publisher={Optical Society of America}
}

@inproceedings{benitez1997design,
  title={Design of CPC-like reflectors within the simultaneous multiple surface design method},
  author={Benitez, Pablo and Mohedano, Ruben and Mi{\~n}ano, Juan C and Garcia, Rafael and Gonzalez, Juan C},
  booktitle={Proc. SPIE},
  volume={3139},
  pages={19--28},
  year={1997}
}



@article{bernardini1997sampling,
  title={Sampling and reconstructing manifolds using alpha-shapes},
  author={Bernardini, Fausto and Bajaj, Chandrajit L},
  year={1997}
}



@book{born2013principles,
  title={Principles of optics: electromagnetic theory of propagation, interference and diffraction of light},
  author={Born, Max and Wolf, Emil},
  year={2013},
  publisher={Elsevier}
}


@incollection{brandolini2013koksma,
  title={A Koksma--Hlawka inequality for simplices},
  author={Brandolini, Luca and Colzani, Leonardo and Gigante, Giacomo and Travaglini, Giancarlo},
  booktitle={Trends in harmonic analysis},
  pages={33--46},
  year={2013},
  publisher={Springer}
}

@article{bratley1988algorithm,
  title={Algorithm 659: Implementing Sobol's quasirandom sequence generator},
  author={Bratley, Paul and Fox, Bennett L},
  journal={ACM Transactions on Mathematical Software (TOMS)},
  volume={14},
  number={1},
  pages={88--100},
  year={1988},
  publisher={ACM}
}

@article{breault1995control,
  title={Control of stray light},
  author={Breault, Robert P},
  journal={Handbook of Optics},
  volume={1},
  pages={38--1},
  year={1995},
  publisher={McGraw-Hill, New York}
}



@article{brown1979voronoi,
  title={Voronoi diagrams from convex hulls},
  author={Brown, Kevin Q},
  journal={Information Processing Letters},
  volume={9},
  number={5},
  pages={223--228},
  year={1979},
  publisher={Elsevier}
}



@article{caflisch1998monte,
  title={Monte carlo and quasi-monte carlo methods},
  author={Caflisch, Russel E},
  journal={Acta numerica},
  volume={7},
  pages={1--49},
  year={1998},
  publisher={Cambridge University Press}
}


@inproceedings{cazals2005conformal,
  title={Conformal alpha shapes},
  author={Cazals, Frederic and Giesen, Joachim and Pauly, Mark and Zomorodian, Afra},
  booktitle={Point-Based Graphics, 2005. Eurographics/IEEE VGTC Symposium Proceedings},
  pages={55--61},
  year={2005},
  organization={IEEE}
}


@book{chaves2015introduction,
  title={Introduction to nonimaging optics},
  author={Chaves, Julio},
  year={2015},
  publisher={CRC press}
}



@article{davies1994edge,
  title={Edge-ray principle of nonimaging optics},
  author={Davies, PA},
  journal={JOSA A},
  volume={11},
  number={4},
  pages={1256--1259},
  year={1994},
  publisher={Optical Society of America}
}
@article{davis2007optical,
  title={Optical design using Fresnel lenses},
  author={Davis, Arthur and K{\"u}hnlenz, Frank},
  journal={Optik \& Photonik},
  volume={2},
  number={4},
  pages={52--55},
  year={2007},
  publisher={Wiley Online Library}
}




@article{demarsin2007detection,
  title={Detection of closed sharp edges in point clouds using normal estimation and graph theory},
  author={Demarsin, Kris and Vanderstraeten, Denis and Volodine, Tim and Roose, Dirk},
  journal={Computer-Aided Design},
  volume={39},
  number={4},
  pages={276--283},
  year={2007},
  publisher={Elsevier}
}

@book{diez2012openintro,
  title={OpenIntro statistics},
  author={Diez, David M and Barr, Christopher D and Cetinkaya-Rundel, Mine},
  year={2012},
  publisher={CreateSpace}
}


@article{edelsbrunner1983shape,
  title={On the shape of a set of points in the plane},
  author={Edelsbrunner, Herbert and Kirkpatrick, David and Seidel, Raimund},
  journal={IEEE Transactions on information theory},
  volume={29},
  number={4},
  pages={551--559},
  year={1983},
  publisher={IEEE}
}

@book{edelsbrunner1992weighted,
  title={Weighted alpha shapes},
  author={Edelsbrunner, Herbert},
  year={1992},
  publisher={University of Illinois at Urbana-Champaign, Department of Computer Science}
}


@article{edelsbrunner1994three,
  title={Three-dimensional alpha shapes},
  author={Edelsbrunner, Herbert and M{\"u}cke, Ernst P},
  journal={ACM Transactions on Graphics (TOG)},
  volume={13},
  number={1},
  pages={43--72},
  year={1994},
  publisher={ACM}
}

@article{edelsbrunner2010alpha,
  title={Alpha shapes -  a survey},
  author={Edelsbrunner, Herbert},
  journal={Tessellations in the Sciences},
  volume={27},
  pages={1--25},
  year={2010}
}



@book{feynman2011feynman,
  title={The Feynman lectures on physics, Vol. I: The new millennium edition: mainly mechanics, radiation, and heat},
  author={Feynman, Richard P and Leighton, Robert B and Sands, Matthew},
  volume={1},
  year={2011},
  publisher={Basic books}
}
@article{feynman1964feynman,
  title={Feynman lectures on physics. Volume 2: Mainly electromagnetism and matter},
  author={Feynman, Richard P},
  journal={Reading, Ma.: Addison-Wesley, 1964, edited by Feynman, Richard P.; Leighton, Robert B.; Sands, Matthew},
  year={1964}
}


@article{filosa2015new,
  title={A new ray tracing method in phase space using alpha-shapes},
  author={Filosa, C and ten Thije Boonkkamp, JHM and IJzerman, WL},
  year={2015},
  publisher={Technische Universiteit Eindhoven}
}


@article{filosa2016ray,
  title={Ray tracing method in phase space for two-dimensional optical systems},
  author={Filosa, C and ten Thije Boonkkamp, JHM and IJzerman, WL},
  journal={Applied optics},
  volume={55},
  number={13},
  pages={3599--3606},
  year={2016},
  publisher={Optical Society of America}
}



@inproceedings{filosa2017inverse,
  title={Inverse ray mapping on phase space for two-dimensional optical systems},
  author={Filosa, Carmela and IJzerman, Wilbert L and ten Thije Boonkkamp, Jan},
  booktitle={Optical Fabrication and Testing},
  pages={JW1B--5},
  year={2017},
  organization={Optical Society of America}
}

@article{filosa2017inverse1,
  title={Inverse ray mapping in phase space for two-dimensional reflective optical systems},
  author={Filosa, C and ten Thije Boonkkamp, JHM and IJzerman, WL},
  year={2017}
}

@article{filosa2017phase,
  title={Phase space ray tracing for a two-dimensional parabolic reflector},
  author={Filosa, C and ten Thije Boonkkamp, JHM and IJzerman, WL},
  year={2017},
  publisher={Technische Universiteit Eindhoven}
}


@article{fortune1992voronoi,
  title={Voronoi diagrams and Delaunay triangulations},
  author={Fortune, Steven},
  journal={Computing in Euclidean geometry},
  volume={1},
  number={193-233},
  pages={2},
  year={1992}
}

@book{glassner1989introduction,
  title={An introduction to ray tracing},
  author={Glassner, Andrew S},
  year={1989},
  publisher={Elsevier}
}

@article{grabarnik2015optical,
  title={Optical design method for minimization of ghost stray light intensity},
  author={Grabarnik, S},
  journal={Applied optics},
  volume={54},
  number={10},
  pages={3083--3089},
  year={2015},
  publisher={Optical Society of America}
}

@book{greivenkamp2004field,
  title={Field guide to geometrical optics},
  author={Greivenkamp, John E},
  volume={1},
  year={2004},
  publisher={SPIE Press Bellingham, WA}
}

@book{grinstead2012introduction,
  title={Introduction to probability},
  author={Grinstead, Charles Miller and Snell, James Laurie},
  year={2012},
  publisher={American Mathematical Soc.}
}



@book{Gross2005Handbook,
  title={Handbook of the Optical Systems},
  author={Gross, Herbert},
  volume={1},
  year={2005},
  publisher={Wiley-VCH}
}

@inproceedings{guo1997surface,
  title={Surface reconstruction using alpha shapes},
  author={Guo, Baining and Menon, Jai and Willette, Brian},
  booktitle={Computer Graphics Forum},
  volume={16},
  number={4},
  pages={177--190},
  year={1997},
  organization={Wiley Online Library}
}


@article{haitz2011solid,
  title={Solid-state lighting:‘The case’10 years after and future prospects},
  author={Haitz, Roland and Tsao, Jeffrey Y},
  journal={physica status solidi (a)},
  volume={208},
  number={1},
  pages={17--29},
  year={2011},
  publisher={Wiley Online Library}
}


@book{hecht1998hecht,
  title={Optics},
  author={Hecht, Eugene},
  year={Parson Addison-Wesley, 2002},

}


@inproceedings{herkommer2012phase,
  title={Phase space optics: an engineering tool for illumination design},
  author={Herkommer, Alois M and Rausch, Denise},
  booktitle={Optical Modelling and Design II},
  volume={8429},
  pages={84290C},
  year={2012},
  organization={International Society for Optics and Photonics}
}


@article{herkommer2013phase,
  title={Phase space optics: an alternate approach to freeform optical systems},
  author={Herkommer, Alois M},
  journal={Optical Engineering},
  volume={53},
  number={3},
  pages={031304},
  year={2013},
  publisher={International Society for Optics and Photonics}
}

@book{koshel2012illumination,
  title={Illumination Engineering: design with nonimaging optics},
  author={Koshel, R John},
  year={2012},
  publisher={John Wiley \& Sons}
}



@article{lee1980two,
  title={Two algorithms for constructing a Delaunay triangulation},
  author={Lee, Der-Tsai and Schachter, Bruce J},
  journal={International Journal of Computer \& Information Sciences},
  volume={9},
  number={3},
  pages={219--242},
  year={1980},
  publisher={Springer}
}


@book{leobacher2014introduction,
  title={Introduction to quasi-Monte Carlo integration and applications},
  author={Leobacher, Gunther and Pillichshammer, Friedrich},
  year={2014},
  publisher={Springer}
}


@inproceedings{lerner2006etendue,
  title={Etendue and optical system design},
  author={Lerner, Scott A and Dahlgrenn, Brett},
  booktitle={Nonimaging Optics and Efficient Illumination Systems III},
  volume={6338},
  pages={633801},
  year={2006},
  organization={International Society for Optics and Photonics}
}

@book{leutz2012nonimaging,
  title={Nonimaging Fresnel lenses: design and performance of solar concentrators},
  author={Leutz, Ralf and Suzuki, Akio},
  volume={83},
  year={2012},
  publisher={Springer}
}


@article{levy2002introduction,
  title={An introduction to quasi-random numbers},
  author={Levy, George},
  journal={Numerical Algorithms Group Ltd., http://www. nag. co. uk/IndustryArticles/introduction\_to\_quasi\_random\_numbers. pdf (last accessed in April 10, 2012)},
  pages={143},
  year={2002}
}

@article{liu2010precise,
  title={Precise optical modeling of blue light-emitting diodes by Monte Carlo ray-tracing},
  author={Liu, Zongyuan and Wang, Kai and Luo, Xiaobing and Liu, Sheng},
  journal={Optics express},
  volume={18},
  number={9},
  pages={9398--9412},
  year={2010},
  publisher={Optical Society of America}
} 

@inproceedings{lloyd1977triangulations,
  title={On triangulations of a set of points in the plane},
  author={Lloyd, Errol Lynn},
  booktitle={Foundations of Computer Science, 1977., 18th Annual Symposium on},
  pages={228--240},
  year={1977},
  organization={IEEE}
}
@inproceedings{lucieer2004alpha,
  title={Alpha-shapes for visualizing irregular-shaped class clusters in 3 D feature space for classification of remotely sensed imagery},
  author={Lucieer, Arko and Kraak, Menno-Jan},
  booktitle={Proceedings of SPIE},
  volume={5295},
  pages={201--211},
  year={2004}
}



@article{joe2008notes,
  title={Notes on generating Sobol sequences},
  author={Joe, Stephen and Kuo, Frances Y},
  journal={ACM Transactions on Mathematical Software (TOMS), 29 (1), 49},
  volume={57},
  year={2008}
}



@book{jones2015optical,
  title={Optical tweezers: Principles and applications},
  author={Jones, Philip H and Marag{\`o}, Onofrio M and Volpe, Giovanni},
  year={2015},
  publisher={Cambridge University Press}
}




@article{mandal1997selection,
  title={Selection of alpha for alpha-hull in $\mathbb{R}^2$},
  author={Mandal, Deba Prasad and Murthy, CA},
  journal={Pattern Recognition},
  volume={30},
  number={10},
  pages={1759--1767},
  year={1997},
  publisher={Elsevier}
}

@article{marsden2003texts,
  title={Texts in Applied Mathematics 44},
  author={Marsden, JE and Sirovich, L and Antman, SS and Iooss, G and Holmes, P and Barkley, D and Dellnitz, M},
  year={2003},
  publisher={Springer}
}

@article{minano1986design,
  title={Design of three-dimensional nonimaging concentrators with inhomogeneous media},
  author={Mi{\~n}ano, Juan C},
  journal={JOSA A},
  volume={3},
  number={9},
  pages={1345--1353},
  year={1986},
  publisher={Optical Society of America}
}

@article{minano1992new,
  title={New method of design of nonimaging concentrators},
  author={Mi{\~n}ano, Juan C and Gonzalez, Juan C},
  journal={Applied optics},
  volume={31},
  number={16},
  pages={3051--3060},
  year={1992},
  publisher={Optical Society of America}
}



@article{minano1985two,
  title={Two-dimensional nonimaging concentrators with inhomogeneous media: a new look},
  author={Mi{\~n}ano, Juan C},
  journal={JOSA A},
  volume={2},
  number={11},
  pages={1826--1831},
  year={1985},
  publisher={Optical Society of America}
}


@misc{moore2013methods,
  title={Methods and associated systems for simulating illumination patterns},
  author={Moore, Ken},
  year={8 Dec. 2015},
  month=dec # "8",
  publisher={Google Patents},
  note={US Patent 9,208,603}
}

@article{moreno2008modeling,
  title={Modeling the radiation pattern of LEDs},
  author={Moreno, Ivan and Sun, Ching-Cherng},
  journal={Optics express},
  volume={16},
  number={3},
  pages={1808--1819},
  year={2008},
  publisher={Optical Society of America}
}

@article{mucke1993shapes,
  title={Shapes and implementations in three-dimensional geometry},
  author={M{\"u}cke, Ernst Peter},
  year={1993},
  publisher={Citeseer}
}

@book{niederreiter1992random,
  title={Random number generation and quasi-Monte Carlo methods},
  author={Niederreiter, Harald},
  year={1992},
  publisher={SIAM}
}

@book{Numericalmethods,
  title={Numerical Methods for Elliptic and Parabolic Partial Differential Equations},
  author={Knabner, Peter and Angermann, Lutz },
  year={2003},
  publisher={Springer Science \& Business Media}
}


@article{ohbuchi1996quasi,
  title={Quasi-Monte Carlo rendering with adaptive sampling},
  author={Ohbuchi, Ryutarou and Aono, Masaki},
  journal={IBM Tokyo Research Laboratory},
  volume={1},
  year={1996}
}



@inproceedings{owen2005multidimensional,
  title={Multidimensional variation for quasi-Monte Carlo},
  author={Owen, Art B},
  booktitle={International Conference on Statistics in honour of Professor Kai-Tai Fang’s 65th birthday},
  pages={49--74},
  year={2005}
}

@article{owen2003quasi,
  title={Quasi-monte carlo sampling},
  author={Owen, Art B},
  journal={Monte Carlo Ray Tracing: Siggraph},
  volume={1},
  pages={69--88},
  year={2003}
}


@article{pedrotti2008basic,
  title={Basic physical optics},
  author={Pedrotti, Leno S},
  journal={Fundamentals of Photonics},
  volume={1},
  pages={152--154},
  year={2008},
  publisher={Bellingham: SPIE Press Book}
}


@article{portegies2013fast,
  title={Fast ray tracing in phase space for optical design},
  author={Portegies, JM and Lighting, Philips},
  year={2013}
}

@book{press2007numerical,
  title={Numerical recipes 3rd edition: The art of scientific computing},
  author={Press, William H},
  year={2007},
  publisher={Cambridge university press}
}


@incollection{rausch2014illumination,
  title={Illumination Optics in Phase Space},
  author={Rausch, Denise and Herkommer, Alois},
  booktitle={Fringe 2013},
  pages={373--376},
  year={2014},
  publisher={Springer}
}

@article{rausch2012phase,
  title={Phase space approach to the use of integrator rods and optical arrays in illumination systems},
  author={Rausch, Denise and Herkommer, Alois M},
  journal={Advanced Optical Technologies},
  volume={1},
  number={1-2},
  pages={69--78},
  year={2012},
  publisher={Walter de Gruyter}
}

@inproceedings{rausch2014phase,
  title={Phase space imaging in optical design},
  author={Rausch, Denise and Herkommer, Alois},
  booktitle={Novel Optical Systems Design and Optimization XVII},
  volume={9193},
  pages={919305},
  year={2014},
  organization={International Society for Optics and Photonics}
}

@article{renka1997algorithm,
  title={Algorithm 772: STRIPACK: Delaunay triangulation and Voronoi diagram on the surface of a sphere},
  author={Renka, Robert J},
  journal={ACM Transactions on Mathematical Software (TOMS)},
  volume={23},
  number={3},
  pages={416--434},
  year={1997},
  publisher={ACM}
}

@article{Ries:2,
  title={Edge-ray principle of nonimaging optics},
  author={Ries, Harald and Rabl, Ari},
  journal={JOSA A},
  volume={11},
  number={10},
  pages={2627--2632},
  year={1994},
  publisher={Optical Society of America}
}


@article{ries1997performance,
  title={Performance limitations of rotationally symmetric nonimaging devices},
  author={Ries, Harald and Shatz, Narkis and Bortz, John and Spirkl, Wolfgang},
  journal={JOSA A},
  volume={14},
  number={10},
  pages={2855--2862},
  year={1997},
  publisher={Optical Society of America}
}



@book{rubinstein2016simulation,
  title={Simulation and the Monte Carlo method},
  author={Rubinstein, Reuven Y and Kroese, Dirk P},
  volume={10},
  year={2016},
  publisher={John Wiley \& Sons}
}


@article{sabel2017application,
  title={Application of the Particle Finite Element Method in Machining Simulation Discussion of the Alpha-Shape Method in the Context of Strength of Materials},
  author={Sabel, Matthias and Sator, Christian and Zohdi, Tarek I and M{\"u}ller, Ralf},
  journal={Journal of Computing and Information Science in Engineering},
  volume={17},
  number={1},
  pages={011002},
  year={2017},
  publisher={American Society of Mechanical Engineers}
}

@book{schubert2005light,
  title={Light emitting diodes},
  author={Schubert, E Fred and Gessmann, Thomas and Kim, Jong Kyu},
  year={2005},
  publisher={Wiley Online Library}
}

@article{taguchi2008present,
  title={Present status of energy saving technologies and future prospect in white LED lighting},
  author={Taguchi, Tsunemasa},
  journal={IEEJ Transactions on Electrical and Electronic Engineering},
  volume={3},
  number={1},
  pages={21--26},
  year={2008},
  publisher={Wiley Online Library}
}
@article{taylor2000illumination,
  title={Illumination fundamentals},
  author={Taylor, Alma EF and others},
  journal={United States: Lighting Research Center},
  year={2000}
}

@inproceedings{teichmann1998surface,
  title={Surface reconstruction with anisotropic density-scaled alpha shapes},
  author={Teichmann, Marek and Capps, Michael},
  booktitle={Visualization'98. Proceedings},
  pages={67--72},
  year={1998},
  organization={IEEE}
}

@book{testorf2009phase,
  title={Phase-Space Optics: Fundamentals and Applications: Fundamentals and Applications},
  author={Testorf, Markus and Hennelly, Bryan and Ojeda-Casta{\~n}eda, Jorge},
  year={2009},
  publisher={McGraw Hill Professional}
}


@article{Ting:1,
  title={\text{Monte Carlo} simulation of light-emitting diode light-extraction characteristics},
  author={Ting, David Z and McGill Jr, Thomas C},
  journal={Optical Engineering},
  volume={34},
  number={12},
  pages={3545--3553},
  year={1995},
  publisher={International Society for Optics and Photonics}
}


@book{torre2005linear,
  title={Linear ray and wave optics in phase space: Bridging ray and wave optics via the Wigner phase-space picture},
  author={Torre, Amalia},
  year={2005},
  publisher={Elsevier}
}

@article{tuffin2004randomization,
  title={Randomization of quasi-Monte Carlo methods for error estimation: survey and normal approximation},
  author={Tuffin, Bruno},
  journal={Monte Carlo Methods and Applications mcma},
  volume={10},
  number={3-4},
  pages={617--628},
  year={2004},
  publisher={Walter de Gruyter}
}




@article{Wiki,
  title={Luminous efficacy-wikipedia the free encyclopedia},
  author={},
  journal={https://commons.wikimedia.org/wiki/File:CIE 1931 Luminosity.png media/File:CIE 1931 Luminosity.png},
  volume={},
  number={},
  pages={},
  year={},
  publisher={}
}

@article{Wiki2,
  title={Edge ray-principle-wikipedia the free encyclopedia},
  author={},
  journal={https://en.wikipedia.org/wiki/Nonimaging optics Edge ray principle},
  volume={},
  number={},
  pages={},
  year={},
  publisher={}
}
@article{Wiki3,
  title={Stracciatella (ice cream)},
  author={},
  journal={https://en.wikipedia.org/wiki/Stracciatella (ice cream)},
  volume={},
  number={},
  pages={},
  year={},
  publisher={}
}

@article{Wiki4,
  title={Delaunay Voronoi.png},
  author={},
  journal={https://commons.wikimedia.org/wiki/File:Delaunay Voronoi.png},
  volume={},
  number={},
  pages={},
  year={},
  publisher={}
}



@book{winston2005nonimaging,
  title={Nonimaging optics},
  author={Winston, Roland and Mi{\~n}ano, Juan C and Benitez, Pablo },
  year={2005},
  publisher={Academic Press}
}

@article{welford1978problem,
  title={On the problem of ideal flux concentrators},
  author={Welford, WT and Winston, R},
  journal={JOSA},
  volume={68},
  number={4},
  pages={531--534},
  year={1978},
  publisher={Optical Society of America}
}


@article{wolf1993relativistic,
  title={Relativistic aberration of optical phase space},
  author={Wolf, Kurt Bernardo},
  journal={JOSA A},
  volume={10},
  number={9},
  pages={1925--1934},
  year={1993},
  publisher={Optical Society of America}
}



@book{wolf2004geometric,
  title={Geometric optics on phase space},
  author={Wolf, Kurt Bernardo},
  year={2004},
  publisher={Springer Science \& Business Media}
}

@book{wyszecki1982color,
  title={Color science},
  author={Wyszecki, Gunter and Stiles, Walter Stanley},
  volume={8},
  year={1982},
  publisher={Wiley New York}
}


@article{xu2003automatic,
  title={Automatic surface reconstruction with alpha-shape method},
  author={Xu, Xiaolong and Harada, Koichi},
  journal={The visual computer},
  volume={19},
  number={7},
  pages={431--443},
  year={2003},
  publisher={Springer}
}

@article{zalewski1995radiometry,
  title={Radiometry and photometry},
  author={Zalewski, Edward F},
  journal={Handbook of optics},
  volume={2},
  pages={24--1},
  year={1995},
  publisher={Citeseer}
}
@book{zolotarev1997modern,
  title={Modern theory of summation of random variables},
  author={Zolotarev, Vladimir M},
  year={1997},
  publisher={Walter de Gruyter}
}

@article{zhu2011etendue,
  title={Etendue and Optical Throughput Calculations},
  author={Zhu, H and Blackborow, P},
  journal={Energetiq Technology, Inc., Woburn, MA},
  year={2011}
}




%% Saved with string encoding Unicode (UTF-8)
