\chapter*{Abstract}

% Write the abstract

\medskip

%\noindent \textbf{Keywords}: 


@article{demarsin2007detection,
  title={Detection of closed sharp edges in point clouds using normal estimation and graph theory},
  author={Demarsin, Kris and Vanderstraeten, Denis and Volodine, Tim and Roose, Dirk},
  journal={Computer-Aided Design},
  volume={39},
  number={4},
  pages={276--283},
  year={2007},
  publisher={Elsevier}
}


@book{edelsbrunner1992weighted,
  title={Weighted alpha shapes},
  author={Edelsbrunner, Herbert},
  year={1992},
  publisher={University of Illinois at Urbana-Champaign, Department of Computer Science}
}
@article{edelsbrunner1994three,
  title={Three-dimensional alpha shapes},
  author={Edelsbrunner, Herbert and M{\"u}cke, Ernst P},
  journal={ACM Transactions on Graphics (TOG)},
  volume={13},
  number={1},
  pages={43--72},
  year={1994},
  publisher={ACM}
}

@article{Ries:2,
  title={Edge-ray principle of nonimaging optics},
  author={Ries, Harald and Rabl, Ari},
  journal={JOSA A},
  volume={11},
  number={10},
  pages={2627--2632},
  year={1994},
  publisher={Optical Society of America}
}

@article{portegies2013fast,
  title={Fast ray tracing in phase space for optical design},
  author={Portegies, JM and Lighting, Philips},
  year={2013}
}

@inproceedings{teichmann1998surface,
  title={Surface reconstruction with anisotropic density-scaled alpha shapes},
  author={Teichmann, Marek and Capps, Michael},
  booktitle={Visualization'98. Proceedings},
  pages={67--72},
  year={1998},
  organization={IEEE}
}


@article{Ting:1,
  title={\text{Monte Carlo} simulation of light-emitting diode light-extraction characteristics},
  author={Ting, David Z and McGill Jr, Thomas C},
  journal={Optical Engineering},
  volume={34},
  number={12},
  pages={3545--3553},
  year={1995},
  publisher={International Society for Optics and Photonics}
}


% Keywords

\smallskip

%\noindent \textbf{MSC 2010}: 49S05, 49J45, 47H20, 60F10, 60G50, 60J05, 60J75, 60J60, 74C15, 
%35A02, 35F20, 45K05, 35L65, 70F45, 92D25.
